<?xml version="1.0" encoding="UTF-8"?><record xmlns="http://www.loc.gov/MARC21/slim" xmlns:cinclude="http://apache.org/cocoon/include/1.0" xmlns:zs="http://www.loc.gov/zing/srw/">
  <leader>00641nz  a2200157n  4500</leader>
  <controlfield tag="001">no2006024948</controlfield>
  <controlfield tag="003">DLC</controlfield>
  <controlfield tag="005">20060311071011.0</controlfield>
  <controlfield tag="008">060307n| acannaabn          |a ana     c</controlfield>
  <datafield tag="010" ind1=" " ind2=" ">
    <subfield code="a">no2006024948</subfield>
  </datafield>
  <datafield tag="035" ind1=" " ind2=" ">
    <subfield code="a">(OCoLC)oca06877103</subfield>
  </datafield>
  <datafield tag="040" ind1=" " ind2=" ">
    <subfield code="a">SaPrUSA</subfield>
    <subfield code="b">eng</subfield>
    <subfield code="c">SaPrUSA</subfield>
  </datafield>
  <datafield tag="110" ind1="1" ind2=" ">
    <subfield code="a">Great Britain.</subfield>
    <subfield code="b">Royal Commission on Unemployment Insurance</subfield>
  </datafield>
  <datafield tag="410" ind1="2" ind2=" ">
    <subfield code="a">Royal Commission on Unemployment Insurance (Great Britain)</subfield>
  </datafield>
  <datafield tag="670" ind1=" " ind2=" ">
    <subfield code="a">Final report, 1932:</subfield>
    <subfield code="b">t.p. (Royal Commission on Unemployment Insurance)</subfield>
  </datafield>
  <datafield tag="670" ind1=" " ind2=" ">
    <subfield code="a">OCLC, Mar. 7, 2006</subfield>
    <subfield code="b">(hdg.: Great Britain. Royal Commission on Unemployment Insurance; usage: Royal Commission on Unemployment Insurance)</subfield>
  </datafield>
</record>